
@Book{vonKempelen,
author = "Wolfang {von Kempelen}",
title = "Mechanismus Der Menschlichen Sprache Nebst Beschreibung Seiner Sprechenden Maschine",
publisher = "Stuttgart-Bad Cannstatt",
year = {1970},
}

@article{Schroeder93,
 author = {Schroeder, Manfred R.},
 title = {A Brief History of Synthetic Speech},
 journal = {Speech Commun.},
 issue_date = {Oct. 1993},
 volume = {13},
 number = {1-2},
 month = oct,
 year = {1993},
 issn = {0167-6393},
 pages = {231--237},
 numpages = {7},
 url = {http://dx.doi.org/10.1016/0167-6393(93)90074-U},
 doi = {10.1016/0167-6393(93)90074-U},
 acmid = {178579},
 publisher = {Elsevier Science Publishers B. V.},
 address = {Amsterdam, The Netherlands, The Netherlands},
 keywords = {history, linear prediction, recognition, speech compression, speech synthesis},
} 

